@book{devroye2014,
  author    = {Luc Devroye},
  title     = {Non-Uniform Random Variate Generation},
  year      = {2014},
  publisher = {Springer New York, NY},
  url       = {https://web.archive.org/web/20140818200854/http://www.eirene.de/Devroye.pdf}
}