@article{2020SciPy-NMeth,
	title        = {{SciPy} 1.0: Fundamental Algorithms for Scientific Computing in Python},
	author       = {Virtanen, Pauli and Gommers, Ralf and Oliphant, Travis E. and Haberland, Matt and Reddy, Tyler and Cournapeau, David and Burovski, Evgeni and Peterson, Pearu and Weckesser, Warren and Bright, Jonathan and {van der Walt}, St{'e}fan J. and Brett, Matthew and Wilson, Joshua and Millman, K. Jarrod and Mayorov, Nikolay and Nelson, Andrew R. J. and Jones, Eric and Kern, Robert and Larson, Eric and Carey, C J and Polat, {.I}lhan and Feng, Yu and Moore, Eric W. and {VanderPlas}, Jake and Laxalde, Denis and Perktold, Josef and Cimrman, Robert and Henriksen, Ian and Quintero, E. A. and Harris, Charles R. and Archibald, Anne M. and Ribeiro, Antonio H. and Pedregosa, Fabian and {van Mulbregt}, Paul and {SciPy 1.0 Contributors}},
	year         = 2020,
	journal      = {Nature Methods},
	volume       = 17,
	pages        = {261--272},
	doi          = {10.1038/s41592-019-0686-2},
	url          = {https://doi.org/10.1038/s41592-019-0686-2%7D},
	adsurl       = {https://ui.adsabs.harvard.edu/abs/2020NatMe..17..261V%7D}
}
@article{hamza2009mixing,
	title        = {The mixing advantage is less than 2},
	author       = {Hamza, Kais and Jagers, Peter and Sudbury, Aidan and Tokarev, Daniel},
	year         = 2009,
	journal      = {Extremes},
	publisher    = {Springer},
	volume       = 12,
	pages        = {19--31}
}
@inproceedings{fisher1928limiting,
	title        = {Limiting forms of the frequency distribution of the largest or smallest member of a sample},
	author       = {Fisher, Ronald Aylmer and Tippett, Leonard Henry Caleb},
	year         = 1928,
	booktitle    = {Mathematical proceedings of the Cambridge philosophical society},
	volume       = 24,
	pages        = {180--190},
	organization = {Cambridge University Press}
}
@article{padua2013distribution,
	title        = {ON THE DISTRIBUTION OF THE MAXIMUM OF n INDEPENDENT NORMAL RANDOM VARIABLES: IID AND INID CASES},
	author       = {Padua, Roberto N and Borres, Mark S and Gumanoy, Razil M},
	year         = 2013,
	journal      = {SDSSU MULTIDISCIPLINARY RESEARCH JOURNAL},
	volume       = 1,
	number       = 2,
	pages        = {101--108}
}
@book{cormen2010introduction,
	title        = {Introduction to Algorithms},
	author       = {Thomas H. Cormen and Charles E. Leiserson and Ronald L. Rivest and Clifford Stein},
	year         = 2010,
	publisher    = {MIT Press},
	isbn         = 9780262046305,
	url          = {https://dl.ebooksworld.ir/books/Introduction.to.Algorithms.4th.Leiserson.Stein.Rivest.Cormen.MIT.Press.9780262046305.EBooksWorld.ir.pdf},
	edition      = {4th}
}
